<record><leader>00000cas a22000007a 4500</leader><controlfield tag="001">12565193</controlfield><controlfield tag="008">850917d18851917iauwr ne      0    0eng d</controlfield><datafield ind1=" " ind2=" " tag="010"><subfield code="a">sn 85050860 </subfield></datafield><datafield ind1=" " ind2=" " tag="040"><subfield code="a">INP</subfield><subfield code="b">eng</subfield><subfield code="c">INP</subfield><subfield code="d">OCLCQ</subfield><subfield code="d">DLC</subfield></datafield><datafield ind1=" " ind2=" " tag="042"><subfield code="a">msc</subfield></datafield><datafield ind1="0" ind2="0" tag="245"><subfield code="a">Webster City tribune.</subfield></datafield><datafield ind1="1" ind2="3" tag="246"><subfield code="a">Tribune</subfield></datafield><datafield ind1="1" ind2="3" tag="246"><subfield code="a">Weekly tribune</subfield><subfield code="f">Dec. 15, 1899-Dec. 29, 1916</subfield></datafield><datafield ind1=" " ind2=" " tag="250"><subfield code="a">Weekly ed.</subfield></datafield><datafield ind1=" " ind2=" " tag="260"><subfield code="a">Webster City, Hamilton Co., Iowa :</subfield><subfield code="b">Chas. D. Hellen,</subfield><subfield code="c">-1917.</subfield></datafield><datafield ind1=" " ind2=" " tag="300"><subfield code="a">v. :</subfield><subfield code="b">ill. ;</subfield><subfield code="c">54-60 cm.</subfield></datafield><datafield ind1=" " ind2=" " tag="310"><subfield code="a">Weekly</subfield></datafield><datafield ind1="1" ind2=" " tag="362"><subfield code="a">Began in July 1885.</subfield><subfield code="z">Cf. Bibl. of Iowa newspapers.</subfield></datafield><datafield ind1="0" ind2=" " tag="362"><subfield code="a">-Oct. 12, 1917.</subfield></datafield><datafield ind1=" " ind2=" " tag="500"><subfield code="a">Special souvenir edition commemorating Webster City and Hamilton County and its notable residents and interests issued Dec. 20, 1895.</subfield></datafield><datafield ind1=" " ind2=" " tag="500"><subfield code="a">Publisher varies.</subfield></datafield><datafield ind1=" " ind2=" " tag="500"><subfield code="a">Official paper of Hamilton County.</subfield></datafield><datafield ind1=" " ind2=" " tag="500"><subfield code="a">Editors: C.D. Hellen, &lt;July 16, 1886&gt;-Nov. 3, 1899; W.F. Hunter, Aug. 16, 1907-Oct. 12, 1917.</subfield></datafield><datafield ind1=" " ind2=" " tag="515"><subfield code="a">Vol. 20, no. 30 (Jan. 5, 1906) misdated Jan. 5, 1905; v. 20, no. 31 (Jan. 12, 1906) misdated Jan. 12, 1905.</subfield></datafield><datafield ind1=" " ind2=" " tag="515"><subfield code="a">Numbered within the year July 10, 1908-Oct. 12, 1917.</subfield></datafield><datafield ind1=" " ind2=" " tag="525"><subfield code="a">Aug. 21, 1896, issue has supplement.</subfield></datafield><datafield ind1=" " ind2=" " tag="588"><subfield code="a">Description based on: Vol. 2, no. 1 (July 16, 1886).</subfield></datafield><datafield ind1=" " ind2=" " tag="752"><subfield code="a">United States</subfield><subfield code="b">Iowa</subfield><subfield code="c">Hamilton</subfield><subfield code="d">Webster City.</subfield></datafield><datafield ind1="0" ind2=" " tag="775"><subfield code="t">Evening tribune (Webster City, Iowa)</subfield><subfield code="w">(DLC)sn 85050936</subfield><subfield code="g">Nov. 12, 1894-</subfield></datafield><datafield ind1="0" ind2=" " tag="775"><subfield code="t">Daily freeman-tribune</subfield><subfield code="w">(DLC)sn 85050936</subfield><subfield code="g">&lt;Nov. 14, 1889-Dec. 29, 1916&gt;</subfield></datafield><datafield ind1="0" ind2=" " tag="777"><subfield code="t">Webster City freeman (Webster City, Iowa : 1884)</subfield><subfield code="x">2375-3358</subfield><subfield code="w">(DLC)sn 85050913</subfield><subfield code="g">Nov. 10, 1899-&lt;Dec. 29, 1916&gt;</subfield><subfield code="w">(OCoLC)12610266</subfield></datafield><datafield ind1="0" ind2="4" tag="785"><subfield code="t">Daily freeman-journal</subfield><subfield code="w">(DLC)sn 85050935</subfield></datafield><datafield ind1="1" ind2=" " tag="029"><subfield code="a">AU@</subfield><subfield code="b">000023563351</subfield></datafield></record>